@misc{ogc, title={Open Geospatial Consortium - OGC}, url={http://www.opengeospatial.org/},howpublished = "\url{http://www.opengeospatial.org/}", journal={Open Geospatial Consortium - OGC}}
@mastersthesis{baas2012nosql,
  title={NoSQL spatial--Neo4j versus PostGIS},
  author={Baas, BLP},
  year={2012}
} 
@misc{martinfowler.com, title={Microservices: a definition of this new architectural term.}, url={https://martinfowler.com/articles/microservices.html},howpublished = "\url{https://martinfowler.com/articles/microservices.html}", journal={martinfowler.com}, author={Fowler, Martin}}
@book{morris_2016, place={Sebastopol, CA}, title={Infrastructure as code: managing servers in the cloud}, publisher={OReilly Media, Inc.}, author={Morris, Kief}, year={2016}} 
@misc{dockerdocumentation_2018, title={Official Docker Documentation}, url={https://docs.docker.com/},howpublished = "\url{https://docs.docker.com/}", journal={Docker Documentation}, year={2018}, month={Jan}}
@misc{CircuitBreaker, title={Circuit Breaker}, url={https://martinfowler.com/bliki/CircuitBreaker.html}, howpublished = "\url{https://martinfowler.com/bliki/CircuitBreaker.html}", journal={martinfowler.com}, author={Fowler, Martin}}
@misc{letsencrypt, title={Let's Encrypt: Free SSL/TLS Certificates}, url={https://letsencrypt.org/},howpublished = "\url{https://letsencrypt.org/}", journal={Let's Encrypt}}
@misc{oauth, title={OAuth.net}, url={https://oauth.net/2/},howpublished = "\url{https://oauth.net/2/}", journal={OAuth 2.0 - OAuth}}
@Book{nascimento2017oauth,
 author = {Nascimento, Adolfo},
 title = {OAuth 2.0 Cookbook},
 publisher = {Packt Publishing},
 year = {2017},
 address = {Birmingham},
 isbn = {978-1788295963}
}
@misc{stackOverflowDev_2016, title={StackOverflow Developer Survey 2016}, url={https://insights.stackoverflow.com/survey/2016#technology},howpublished = "\url{https://insights.stackoverflow.com/survey/2016#technology}", journal={Stack Overflow Developer Survey 2016},} 
@misc{stackOverflowDev_2017, title={StackOverflow Developer Survey 2017}, url={https://insights.stackoverflow.com/survey/2017#technology},howpublished = "\url{https://insights.stackoverflow.com/survey/2017#technology}", journal={Stack Overflow Developer Survey 2017},} 
@misc{spring_boot, title={Spring Boot}, url={https://projects.spring.io/spring-boot}, howpublished = "\url{https://projects.spring.io/spring-boot}", journal={Spring Boot}} 
@book{ngbook_2016, place={Kalifornien}, title={ng-book 2: The Complete Guide to Angular 2}, publisher={Fullstack.io}, author={Lerner, Ari and Coury, Felipe and Murray, Nate and Taborda, Carlos}, year={2016}}
@book{ionic_2017, place={s.l.}, title={Learning Ionic 2, Second Edition}, publisher={Packt Publishing}, author={Ravulavaru, Arvind}, year={2017}}
@misc{ionic_lifecycle, title={Ionic - LifeCycle Events}, url={https://blog.ionicframework.com/navigating-lifecycle-events/}, howpublished = "\url{https://blog.ionicframework.com/navigating-lifecycle-events/}", journal={blog.ionicframework.com}} 